@inproceedings{Liu.Hu.ea-05,
  title={Opinion observer: analyzing and comparing opinions on the web},
  author={Liu, Bing and Hu, Minqing and Cheng, Junsheng},
  booktitle={Proceedings of the 14th international conference on World Wide Web},
  pages={342--351},
  year={2005},
  organization={ACM}
}

@inproceedings{Wilson.Wiebe.ea-05,
  title={Recognizing contextual polarity in phrase-level sentiment analysis},
  author={Wilson, Theresa and Wiebe, Janyce and Hoffmann, Paul},
  booktitle={Proceedings of the conference on human language technology and empirical methods in natural language processing},
  pages={347--354},
  year={2005},
  organization={Association for Computational Linguistics}
}

@article{Hamilton.Clark.ea-16,
  title={Inducing domain-specific sentiment lexicons from unlabeled corpora},
  author={Hamilton, William L and Clark, Kevin and Leskovec, Jure and Jurafsky, Dan},
  journal={arXiv preprint arXiv:1606.02820},
  year={2016}
}

@article{Chawla.Bowyer.ea-02,
  title={SMOTE: synthetic minority over-sampling technique},
  author={Chawla, Nitesh V and Bowyer, Kevin W and Hall, Lawrence O and Kegelmeyer, W Philip},
  journal={Journal of artificial intelligence research},
  volume={16},
  pages={321--357},
  year={2002}
}

@inproceedings{Wallace.Small.ea-11,
  title={Class imbalance, redux},
  author={Wallace, Byron C and Small, Kevin and Brodley, Carla E and Trikalinos, Thomas A},
  booktitle={Data Mining (ICDM), 2011 IEEE 11th International Conference on},
  pages={754--763},
  year={2011},
  organization={IEEE}
}

@article{Weiss.McCarthy.ea-07,
  title={Cost-sensitive learning vs. sampling: Which is best for handling unbalanced classes with unequal error costs?},
  author={Weiss, Gary M and McCarthy, Kate and Zabar, Bibi},
  journal={DMIN},
  volume={7},
  pages={35--41},
  year={2007}
}

@article{Pedregosa.Varoquaux.ea-11,
 title={Scikit-learn: Machine Learning in {P}ython},
 author={Pedregosa, F. and Varoquaux, G. and Gramfort, A. and Michel, V.
         and Thirion, B. and Grisel, O. and Blondel, M. and Prettenhofer, P.
         and Weiss, R. and Dubourg, V. and Vanderplas, J. and Passos, A. and
         Cournapeau, D. and Brucher, M. and Perrot, M. and Duchesnay, E.},
 journal={Journal of Machine Learning Research},
 volume={12},
 pages={2825--2830},
 year={2011}
}
